<?xml version="1.0" encoding="UTF-8"?><collection xmlns="http://www.loc.gov/MARC21/slim"><record><leader>00557nam--2200205-u-4500</leader><controlfield tag="001">000052515</controlfield><controlfield tag="002">20161230</controlfield><controlfield tag="005">20161230201050</controlfield><controlfield tag="008">100827s1000------------r-----000-0-rus-d</controlfield><datafield ind1=" " ind2=" " tag="040"><subfield code="a">IFIN-HH</subfield></datafield><datafield ind1=" " ind2=" " tag="041"><subfield code="a">rus</subfield></datafield><datafield ind1=" " ind2=" " tag="080"><subfield code="a">535.31</subfield></datafield><datafield ind1="1" ind2=" " tag="100"><subfield code="a">Martinenko, O.G</subfield></datafield><datafield ind1="1" ind2="0" tag="245"><subfield code="a">Vvedenie v teoriu konvektivnih gazovih linz</subfield><subfield code="c">O.G. Martinenco, P.M. Kolesnikov, V.L. Kolpashikov</subfield></datafield><datafield ind1=" " ind2=" " tag="260"><subfield code="a">Minsk</subfield><subfield code="b">Nauka i Tehnika</subfield><subfield code="c">1972</subfield></datafield><datafield ind1=" " ind2=" " tag="300"><subfield code="a">308 p</subfield></datafield><datafield ind1="1" ind2=" " tag="700"><subfield code="a">Kolesnikov, P.M</subfield></datafield><datafield ind1=" " ind2=" " tag="700"><subfield code="a">Kolpashikov, V.L</subfield></datafield><datafield ind1=" " ind2=" " tag="852"><subfield code="a">76046</subfield><subfield code="c">532</subfield></datafield><datafield ind1=" " ind2=" " tag="CAT"><subfield code="a">Sys</subfield><subfield code="c">20100827</subfield><subfield code="h">085637</subfield></datafield></record></collection>